  @INPROCEEDINGS{textbook,
  author={東京大学電気電子工学科},
  booktitle={E1気体エレクトロニクス}, 
  title={電気電子情報第一前期実験テキスト}, 
  year={2024}}
    @INPROCEEDINGS{thesis,
  author={Daisuke Muto},
  booktitle={古河電工時報}, 
  title={巻線の部分放電現象に関する研究}, 
  year={2024}}